@misc{bedionita2025instructionguidedautoregressiveneuralnetwork,
      title={Instruction-Guided Autoregressive Neural Network Parameter Generation}, 
      author={Soro Bedionita and Bruno Andreis and Song Chong and Sung Ju Hwang},
      year={2025},
      eprint={2504.02012},
      archivePrefix={arXiv},
      primaryClass={cs.LG},
      url={https://arxiv.org/abs/2504.02012}, 
}

@misc{salama2024datasetsizerecoverylora,
      title={Dataset Size Recovery from LoRA Weights}, 
      author={Mohammad Salama and Jonathan Kahana and Eliahu Horwitz and Yedid Hoshen},
      year={2024},
      eprint={2406.19395},
      archivePrefix={arXiv},
      primaryClass={cs.CV},
      url={https://arxiv.org/abs/2406.19395}, 
}
@misc{meynent2025structureenoughleveragingbehavior,
      title={Structure Is Not Enough: Leveraging Behavior for Neural Network Weight Reconstruction}, 
      author={Léo Meynent and Ivan Melev and Konstantin Schürholt and Göran Kauermann and Damian Borth},
      year={2025},
      eprint={2503.17138},
      archivePrefix={arXiv},
      primaryClass={cs.LG},
      url={https://arxiv.org/abs/2503.17138}, 
}

@misc{schurholt2024scalableversatileweightspace,
      title={Towards Scalable and Versatile Weight Space Learning}, 
      author={Konstantin Schürholt and Michael W. Mahoney and Damian Borth},
      year={2024},
      eprint={2406.09997},
      archivePrefix={arXiv},
      primaryClass={cs.LG},
      url={https://arxiv.org/abs/2406.09997}, 
}

@misc{Dean2017BlackBox,
author = {Dean, Jeff},
title = {Keynote Speech on the Future of AI},
booktitle = {Google I/O Conference},
year = {2017},
note = {Statement widely attributed to the keynote speech, highlighting the challenge of interpretability in deep learning systems.},
howpublished = {\url{https://www.google.com/search?q=https://events.google.com/io/}}
}